<?xml version="1.0" encoding="UTF-8"?><collection xmlns="http://www.loc.gov/MARC21/slim"><record><leader>00422nam--2200157-u-4500</leader><controlfield tag="001">000051556</controlfield><controlfield tag="002">20161230</controlfield><controlfield tag="005">20161230201049</controlfield><controlfield tag="008">080806s1000------------r-----000-0-eng-d</controlfield><datafield ind1="1" ind2="0" tag="100"><subfield code="a">Tribel, V</subfield></datafield><datafield ind1="1" ind2=" " tag="245"><subfield code="a">Hohere Analysis</subfield></datafield><datafield ind1=" " ind2=" " tag="260"><subfield code="a">Berlin</subfield><subfield code="b">VEB Deutscher Verlag der Wissenschaften</subfield><subfield code="c">1972</subfield></datafield><datafield ind1=" " ind2=" " tag="300"><subfield code="a">704 p</subfield></datafield><datafield ind1=" " ind2=" " tag="490"><subfield code="a">Hochschulbucher fur Mathematik</subfield><subfield code="v">vol. 76</subfield></datafield><datafield ind1=" " ind2=" " tag="852"><subfield code="a">42397</subfield><subfield code="c">517.5</subfield></datafield><datafield ind1=" " ind2=" " tag="CAT"><subfield code="a">Sys</subfield><subfield code="c">20080806</subfield><subfield code="h">095725</subfield></datafield></record></collection>